<record><leader>00000cas a22000007a 4500</leader><controlfield tag="001">25298650</controlfield><controlfield tag="008">920219c19239999wyuwr ne      0    0eng d</controlfield><datafield ind1=" " ind2=" " tag="010"><subfield code="a">sn 92066945 </subfield></datafield><datafield ind1=" " ind2=" " tag="040"><subfield code="a">NVO</subfield><subfield code="b">eng</subfield><subfield code="c">NVO</subfield><subfield code="d">OCLCQ</subfield></datafield><datafield ind1=" " ind2=" " tag="042"><subfield code="a">msc</subfield></datafield><datafield ind1="0" ind2="4" tag="245"><subfield code="a">The Greybull standard and tribune.</subfield></datafield><datafield ind1="3" ind2="0" tag="246"><subfield code="a">Greybull standard</subfield></datafield><datafield ind1=" " ind2=" " tag="260"><subfield code="a">Greybull, Wyo. :</subfield><subfield code="b">Anderson &amp; Bristow</subfield></datafield><datafield ind1=" " ind2=" " tag="300"><subfield code="a">v.</subfield></datafield><datafield ind1=" " ind2=" " tag="310"><subfield code="a">Weekly</subfield></datafield><datafield ind1="0" ind2=" " tag="362"><subfield code="a">Vol. 21, no. 26 (Aug. 10, 1923)-</subfield></datafield><datafield ind1=" " ind2=" " tag="515"><subfield code="a">Issues for Dec. 13, 1934- called: Vol. 23, no. 1-</subfield></datafield><datafield ind1=" " ind2="4" tag="651"><subfield code="a">Greybull (Wyo.)</subfield><subfield code="v">Newspapers.</subfield></datafield><datafield ind1=" " ind2=" " tag="752"><subfield code="a">United States</subfield><subfield code="b">Wyoming</subfield><subfield code="c">Big Horn</subfield><subfield code="d">Greybull.</subfield></datafield><datafield ind1="0" ind2="4" tag="780"><subfield code="t">Greybull standard</subfield><subfield code="w">(DLC)sn 92066944</subfield></datafield><datafield ind1="0" ind2="4" tag="780"><subfield code="t">Greybull tribune</subfield><subfield code="w">(DLC)sn 92066943</subfield></datafield><datafield ind1="1" ind2=" " tag="029"><subfield code="a">AU@</subfield><subfield code="b">000025847583</subfield></datafield></record>